@techreport{lannoyManagingPublicPortfolios2022,
 abstract = {Founded in 1920, the NBER is a private, non-profit, non-partisan organization dedicated to conducting economic research and to disseminating research findings among academics, public policy makers, and business professionals.},
 author = {Aparisi de Lannoy, Leo R. and Bhandari, Anmol and Evans, David and Golosov, Mikhail and Sargent, Thomas J.},
 copyright = {All rights reserved},
 doi = {10.3386/w30501},
 file = {/Users/leoap/Library/CloudStorage/GoogleDrive-laparisidelannoy@uchicago.edu/My Drive/PhD/PhD_notes/Zotero_PDF/aparisi_de_lannoy_et_al_2022_managing_public_portfolios.pdf;/Users/leoap/Zotero/storage/7WUBFJZ5/w30501.html},
 institution = {National Bureau of Economic Research},
 langid = {english},
 month = {September},
 number = {w30501},
 title = {Managing Public Portfolios},
 url = {https://www.nber.org/papers/w30501},
 urldate = {2022-10-03},
 year = {2022}
}

