@techreport{lannoyManagingPublicPortfolios2022,
  title = {Managing {{Public Portfolios}}},
  author = {{Aparisi de Lannoy}, Leo R. and Bhandari, Anmol and Evans, David and Golosov, Mikhail and Sargent, Thomas J.},
  year = {2022},
  month = sep,
  number = {w30501},
  institution = {{National Bureau of Economic Research}},
  doi = {10.3386/w30501},
  abstract = {Founded in 1920, the NBER is a private, non-profit, non-partisan organization dedicated to conducting economic research and to disseminating research findings among academics, public policy makers, and business professionals.},
  langid = {english},
  file = {/Users/leoap/Library/CloudStorage/GoogleDrive-laparisidelannoy@uchicago.edu/My Drive/PhD/Zotero_PDF/Aparisi_de_Lannoy_et_al_2022_Managing_Public_Portfolios.pdf;/Users/leoap/Zotero/storage/7WUBFJZ5/w30501.html}
}

